<?xml version="1.0" encoding="UTF-8"?>
<record>
  <leader>01418nam#a2200385#cb4500</leader>
  <controlfield tag="005">20200115164000.0</controlfield>
  <controlfield tag="007">tu</controlfield>
  <controlfield tag="008">990228|1969####gw############|||#|#ger#c</controlfield>
  <controlfield tag="003">DE-605</controlfield>
  <controlfield tag="001">990058434730206441</controlfield>
  <datafield tag="016" ind1="7" ind2=" ">
    <subfield code="a">890101063</subfield>
    <subfield code="2">OCoLC</subfield>
  </datafield>
  <datafield tag="035" ind1=" " ind2=" ">
    <subfield code="a">(DE-605)HT000893437</subfield>
  </datafield>
  <datafield tag="040" ind1=" " ind2=" ">
    <subfield code="c">DE-605</subfield>
    <subfield code="a">HBZ/Red</subfield>
    <subfield code="b">ger</subfield>
    <subfield code="d">6</subfield>
    <subfield code="e">rakwb</subfield>
    <subfield code="d">DE-605</subfield>
  </datafield>
  <datafield tag="041" ind1=" " ind2=" ">
    <subfield code="a">ger</subfield>
    <subfield code="a">heb</subfield>
  </datafield>
  <datafield tag="044" ind1=" " ind2=" ">
    <subfield code="c">XA-DE</subfield>
  </datafield>
  <datafield tag="100" ind1="1" ind2=" ">
    <subfield code="a">Shaliṭ, Avraham</subfield>
    <subfield code="d">1898-1979</subfield>
    <subfield code="0">(DE-588)143395580</subfield>
    <subfield code="4">aut</subfield>
    <subfield code="0">https://portal.dnb.de/opac.htm?method=simpleSearch&amp;cqlMode=true&amp;query=idn=143395580</subfield>
    <subfield code="0">http://viaf.org/viaf/sourceID/DNB|143395580</subfield>
    <subfield code="B">GND-143395580</subfield>
  </datafield>
  <datafield tag="240" ind1="1" ind2="0">
    <subfield code="a">Hú̀rdú̀s ham-meleḵ</subfield>
    <subfield code="g">dt.</subfield>
  </datafield>
  <datafield tag="245" ind1="1" ind2="0">
    <subfield code="a">König Herodes</subfield>
    <subfield code="b">der Mann und sein Werk</subfield>
    <subfield code="c">von Abraham Schalit</subfield>
  </datafield>
  <datafield tag="250" ind1=" " ind2=" ">
    <subfield code="a">vom Verf. überarb. u. bedeutend erw. Fassung d. 1960 ersch. hebr. Originals</subfield>
  </datafield>
  <datafield tag="264" ind1=" " ind2="1">
    <subfield code="a">Berlin</subfield>
    <subfield code="b">de Gruyter</subfield>
    <subfield code="c">1969</subfield>
  </datafield>
  <datafield tag="300" ind1=" " ind2=" ">
    <subfield code="a">XVI, 889 S. : Ill., Kt.</subfield>
  </datafield>
  <datafield tag="490" ind1="1" ind2=" ">
    <subfield code="a">Studia Judaica</subfield>
    <subfield code="v">4</subfield>
  </datafield>
  <datafield tag="689" ind1="0" ind2="0">
    <subfield code="a">Herodes Antipas</subfield>
    <subfield code="c">Galiläa, Tetrarch</subfield>
    <subfield code="d">v20-39</subfield>
    <subfield code="D">p</subfield>
    <subfield code="0">(DE-588)118703781</subfield>
    <subfield code="0">https://portal.dnb.de/opac.htm?method=simpleSearch&amp;cqlMode=true&amp;query=idn=118703781</subfield>
    <subfield code="0">http://viaf.org/viaf/sourceID/DNB|118703781</subfield>
    <subfield code="B">GND-118703781</subfield>
  </datafield>
  <datafield tag="035" ind1=" " ind2=" ">
    <subfield code="a">(OCoLC)890101063</subfield>
  </datafield>
  <datafield tag="035" ind1=" " ind2=" ">
    <subfield code="a">(DE-599)HBZHT000893437</subfield>
  </datafield>
  <datafield tag="964" ind1="0" ind2="s">
    <subfield code="F">051</subfield>
    <subfield code="A">s|||||||</subfield>
  </datafield>
  <datafield tag="964" ind1="0" ind2="i">
    <subfield code="I">marc-FMT via MAB2MARC</subfield>
    <subfield code="F">FMT</subfield>
    <subfield code="A">BK</subfield>
  </datafield>
  <datafield tag="964" ind1="0" ind2="s">
    <subfield code="F">030</subfield>
    <subfield code="A">a|1uc||||||17</subfield>
  </datafield>
  <datafield tag="964" ind1="0" ind2="s">
    <subfield code="F">050</subfield>
    <subfield code="A">a|||||||||||||</subfield>
  </datafield>
  <datafield tag="830" ind1=" " ind2="0">
    <subfield code="a">Studia Judaica</subfield>
    <subfield code="w">(DE-605)HT001247609</subfield>
    <subfield code="v">4</subfield>
    <subfield code="9">O:1</subfield>
  </datafield>
  <datafield tag="856" ind1="4" ind2="2">
    <subfield code="m">V:DE-605;X:Imageware</subfield>
    <subfield code="q">application/pdf</subfield>
    <subfield code="u">http://digitale-objekte.hbz-nrw.de/storage2/2021/05/31/file_1/9034428.pdf</subfield>
    <subfield code="3">Inhaltsverzeichnis</subfield>
    <subfield code="9">O:PKN</subfield>
  </datafield>
  <datafield tag="600" ind1="1" ind2="4">
    <subfield code="a">Herodes &lt;Judäa, König, I.&gt;</subfield>
  </datafield>
  <datafield tag="600" ind1="1" ind2="4">
    <subfield code="a">Makkabäer</subfield>
  </datafield>
  <datafield tag="650" ind1=" " ind2="4">
    <subfield code="a">Herrschaftssystem</subfield>
  </datafield>
  <datafield tag="650" ind1=" " ind2="4">
    <subfield code="a">Neues Testament / Zeithintergrund</subfield>
  </datafield>
  <datafield tag="655" ind1=" " ind2="7">
    <subfield code="a">Biografie</subfield>
    <subfield code="0">(DE-588)4006804-3</subfield>
    <subfield code="2">gnd-content</subfield>
  </datafield>
  <datafield tag="MBD" ind1=" " ind2=" ">
    <subfield code="M">49HBZ_NETWORK</subfield>
    <subfield code="i">990058434730206441</subfield>
    <subfield code="n">HBZ Network</subfield>
  </datafield>
  <datafield tag="MBD" ind1=" " ind2=" ">
    <subfield code="M">49HBZ_WUP</subfield>
    <subfield code="i">990001835890206447</subfield>
    <subfield code="n">Bergische Universität Wuppertal</subfield>
  </datafield>
  <datafield tag="MBD" ind1=" " ind2=" ">
    <subfield code="M">49HBZ_BRIDGE_FIZ</subfield>
    <subfield code="i">9993310507816</subfield>
    <subfield code="n">Bibliotheken ohne zentrale Katalogisierung</subfield>
  </datafield>
  <datafield tag="MBD" ind1=" " ind2=" ">
    <subfield code="M">49HBZ_ZBS</subfield>
    <subfield code="i">990002464900806478</subfield>
    <subfield code="n">Deutsche Sporthochschule Köln</subfield>
  </datafield>
  <datafield tag="MBD" ind1=" " ind2=" ">
    <subfield code="M">49HBZ_BRIDGE_EDK</subfield>
    <subfield code="i">9928263107507</subfield>
    <subfield code="n">Erzbischöfliche Diözesan- und Dombibliothek</subfield>
  </datafield>
  <datafield tag="MBD" ind1=" " ind2=" ">
    <subfield code="M">49HBZ_DET</subfield>
    <subfield code="i">991003300629706480</subfield>
    <subfield code="n">Hochschule fur Musik Detmold</subfield>
  </datafield>
  <datafield tag="MBD" ind1=" " ind2=" ">
    <subfield code="M">49HBZ_BRIDGE_PTR</subfield>
    <subfield code="i">9926487007817</subfield>
    <subfield code="n">Priesterseminar, Bibliothek, Trier</subfield>
  </datafield>
  <datafield tag="MBD" ind1=" " ind2=" ">
    <subfield code="M">49HBZ_BRIDGE_LBZ</subfield>
    <subfield code="i">9951330107506</subfield>
    <subfield code="n">Rheinische Landesbibliothek Koblenz</subfield>
  </datafield>
  <datafield tag="MBD" ind1=" " ind2=" ">
    <subfield code="M">49HBZ_UBT</subfield>
    <subfield code="i">990001096440106470</subfield>
    <subfield code="n">UB Trier</subfield>
  </datafield>
  <datafield tag="MBD" ind1=" " ind2=" ">
    <subfield code="M">49HBZ_ULB</subfield>
    <subfield code="i">991041361579706467</subfield>
    <subfield code="n">Universitaet Bonn</subfield>
  </datafield>
  <datafield tag="MBD" ind1=" " ind2=" ">
    <subfield code="M">49HBZ_UBO</subfield>
    <subfield code="i">991008065539706471</subfield>
    <subfield code="n">Universität Bochum</subfield>
  </datafield>
  <datafield tag="MBD" ind1=" " ind2=" ">
    <subfield code="M">49HBZ_UDE</subfield>
    <subfield code="i">990001493040206446</subfield>
    <subfield code="n">Universität Duisburg-Essen</subfield>
  </datafield>
  <datafield tag="MBD" ind1=" " ind2=" ">
    <subfield code="M">49HBZ_DUE</subfield>
    <subfield code="i">990001244930206443</subfield>
    <subfield code="n">Universität Düsseldorf</subfield>
  </datafield>
  <datafield tag="MBD" ind1=" " ind2=" ">
    <subfield code="M">49HBZ_UBK</subfield>
    <subfield code="i">991048842099706476</subfield>
    <subfield code="n">Universität Köln</subfield>
  </datafield>
  <datafield tag="MBD" ind1=" " ind2=" ">
    <subfield code="M">49HBZ_ULM</subfield>
    <subfield code="i">991018958949706449</subfield>
    <subfield code="n">Universität Münster</subfield>
  </datafield>
  <datafield tag="MBD" ind1=" " ind2=" ">
    <subfield code="M">49HBZ_SIE</subfield>
    <subfield code="i">990001880680106462</subfield>
    <subfield code="n">Universität Siegen</subfield>
  </datafield>
  <datafield tag="MBD" ind1=" " ind2=" ">
    <subfield code="M">49HBZ_PAD</subfield>
    <subfield code="i">990001355660106463</subfield>
    <subfield code="n">Universitätsbibliothek Paderborn</subfield>
  </datafield>
  <datafield tag="MNG" ind1=" " ind2=" ">
    <subfield code="c">System</subfield>
    <subfield code="f">HBZ</subfield>
    <subfield code="i">marc21</subfield>
    <subfield code="h">20200115164000.0</subfield>
    <subfield code="k">01</subfield>
    <subfield code="e">false</subfield>
    <subfield code="d">2022-09-13 00:39:07 Europe/Berlin</subfield>
    <subfield code="g">005843473-HBZ01</subfield>
    <subfield code="j">60</subfield>
    <subfield code="a">import</subfield>
    <subfield code="b">2021-04-05 19:23:04 Europe/Berlin</subfield>
  </datafield>
  <datafield tag="H52" ind1=" " ind2=" ">
    <subfield code="b">W0001</subfield>
    <subfield code="c">21</subfield>
    <subfield code="h"/>
    <subfield code="8">22143362630006447</subfield>
  </datafield>
  <datafield tag="HOL" ind1=" " ind2=" ">
    <subfield code="b">2021-04-06 08:48:05</subfield>
    <subfield code="8">22143362630006447</subfield>
    <subfield code="M">49HBZ_WUP</subfield>
    <subfield code="g">false</subfield>
    <subfield code="a">import</subfield>
  </datafield>
  <datafield tag="ITM" ind1=" " ind2=" ">
    <subfield code="H">22143362630006447</subfield>
    <subfield code="x">21</subfield>
    <subfield code="f">BOOK</subfield>
    <subfield code="v">21</subfield>
    <subfield code="p">11</subfield>
    <subfield code="X">System</subfield>
    <subfield code="U">1984-08-31 12:59:00 Europe/Berlin</subfield>
    <subfield code="Y">2021-04-06 10:49:02 Europe/Berlin</subfield>
    <subfield code="h">false</subfield>
    <subfield code="n">INR1130</subfield>
    <subfield code="M">49HBZ_WUP</subfield>
    <subfield code="s">1</subfield>
    <subfield code="d">#</subfield>
    <subfield code="V">import</subfield>
    <subfield code="b">000565227000010</subfield>
    <subfield code="a">23143362620006447</subfield>
    <subfield code="t">8</subfield>
    <subfield code="R">Maintenance count: 007</subfield>
    <subfield code="W">1984-08-31 02:00:00 Europe/Berlin</subfield>
    <subfield code="u">W0001</subfield>
    <subfield code="w">W0001</subfield>
  </datafield>
  <datafield tag="H52" ind1="0" ind2=" ">
    <subfield code="b">Z9031</subfield>
    <subfield code="c">UNASSIGNED</subfield>
    <subfield code="8">2288305570007816</subfield>
  </datafield>
  <datafield tag="HOL" ind1=" " ind2=" ">
    <subfield code="d">2023-07-18 04:21:07</subfield>
    <subfield code="8">2288305570007816</subfield>
    <subfield code="b">2023-07-18 04:21:07</subfield>
    <subfield code="M">49HBZ_BRIDGE_FIZ</subfield>
    <subfield code="g">false</subfield>
    <subfield code="a">System</subfield>
    <subfield code="c">System</subfield>
  </datafield>
  <datafield tag="H52" ind1="0" ind2=" ">
    <subfield code="b">O9002</subfield>
    <subfield code="c">UNASSIGNED</subfield>
    <subfield code="8">2288305550007816</subfield>
  </datafield>
  <datafield tag="HOL" ind1=" " ind2=" ">
    <subfield code="d">2023-07-18 04:21:08</subfield>
    <subfield code="8">2288305550007816</subfield>
    <subfield code="b">2023-07-18 04:21:08</subfield>
    <subfield code="M">49HBZ_BRIDGE_FIZ</subfield>
    <subfield code="g">false</subfield>
    <subfield code="a">System</subfield>
    <subfield code="c">System</subfield>
  </datafield>
  <datafield tag="H52" ind1="0" ind2=" ">
    <subfield code="b">Z9030</subfield>
    <subfield code="c">UNASSIGNED</subfield>
    <subfield code="8">2288305580007816</subfield>
  </datafield>
  <datafield tag="HOL" ind1=" " ind2=" ">
    <subfield code="d">2023-07-18 04:21:07</subfield>
    <subfield code="8">2288305580007816</subfield>
    <subfield code="b">2023-07-18 04:21:07</subfield>
    <subfield code="M">49HBZ_BRIDGE_FIZ</subfield>
    <subfield code="g">false</subfield>
    <subfield code="a">System</subfield>
    <subfield code="c">System</subfield>
  </datafield>
  <datafield tag="H52" ind1="0" ind2=" ">
    <subfield code="b">O9023</subfield>
    <subfield code="c">UNASSIGNED</subfield>
    <subfield code="8">2288305560007816</subfield>
  </datafield>
  <datafield tag="HOL" ind1=" " ind2=" ">
    <subfield code="d">2023-07-18 04:21:07</subfield>
    <subfield code="8">2288305560007816</subfield>
    <subfield code="b">2023-07-18 04:21:07</subfield>
    <subfield code="M">49HBZ_BRIDGE_FIZ</subfield>
    <subfield code="g">false</subfield>
    <subfield code="a">System</subfield>
    <subfield code="c">System</subfield>
  </datafield>
  <datafield tag="H52" ind1="0" ind2=" ">
    <subfield code="b">Z9029</subfield>
    <subfield code="c">UNASSIGNED</subfield>
    <subfield code="8">2288305600007816</subfield>
  </datafield>
  <datafield tag="HOL" ind1=" " ind2=" ">
    <subfield code="d">2023-07-18 04:21:06</subfield>
    <subfield code="8">2288305600007816</subfield>
    <subfield code="b">2023-07-18 04:21:06</subfield>
    <subfield code="M">49HBZ_BRIDGE_FIZ</subfield>
    <subfield code="g">false</subfield>
    <subfield code="a">System</subfield>
    <subfield code="c">System</subfield>
  </datafield>
  <datafield tag="H52" ind1="8" ind2="1">
    <subfield code="b">KP001</subfield>
    <subfield code="c">MMONO</subfield>
    <subfield code="h">6=6/1974</subfield>
    <subfield code="8">2217181440006478</subfield>
  </datafield>
  <datafield tag="HOL" ind1=" " ind2=" ">
    <subfield code="d">2023-08-30 05:33:08</subfield>
    <subfield code="8">2217181440006478</subfield>
    <subfield code="b">2023-08-14 05:49:21</subfield>
    <subfield code="M">49HBZ_ZBS</subfield>
    <subfield code="g">false</subfield>
    <subfield code="a">import</subfield>
    <subfield code="c">System</subfield>
  </datafield>
  <datafield tag="ITM" ind1=" " ind2=" ">
    <subfield code="H">2217181440006478</subfield>
    <subfield code="x">MMONO</subfield>
    <subfield code="f">BOOK</subfield>
    <subfield code="v">MMONO</subfield>
    <subfield code="p">11</subfield>
    <subfield code="X">System</subfield>
    <subfield code="U">2012-06-12 12:59:00 Europe/Berlin</subfield>
    <subfield code="Y">2023-08-14 07:50:32 Europe/Berlin</subfield>
    <subfield code="h">false</subfield>
    <subfield code="n">6=6/1974</subfield>
    <subfield code="M">49HBZ_ZBS</subfield>
    <subfield code="s">1</subfield>
    <subfield code="d">8</subfield>
    <subfield code="V">import</subfield>
    <subfield code="b">KN41$01478356</subfield>
    <subfield code="a">2317181430006478</subfield>
    <subfield code="c">6=6/1974</subfield>
    <subfield code="W">2012-06-12 02:00:00 Europe/Berlin</subfield>
    <subfield code="u">KP001</subfield>
    <subfield code="w">KP001</subfield>
  </datafield>
  <datafield tag="H52" ind1="0" ind2=" ">
    <subfield code="b">O9022</subfield>
    <subfield code="c">OPDUE</subfield>
    <subfield code="h">P-006-00710</subfield>
    <subfield code="8">2251376590007507</subfield>
  </datafield>
  <datafield tag="HOL" ind1=" " ind2=" ">
    <subfield code="d">2023-07-18 04:24:03</subfield>
    <subfield code="8">2251376590007507</subfield>
    <subfield code="b">2023-07-18 04:24:03</subfield>
    <subfield code="M">49HBZ_BRIDGE_EDK</subfield>
    <subfield code="g">false</subfield>
    <subfield code="a">System</subfield>
    <subfield code="c">System</subfield>
  </datafield>
  <datafield tag="H52" ind1="0" ind2=" ">
    <subfield code="b">ED001</subfield>
    <subfield code="c">MAG</subfield>
    <subfield code="h">Eca 5307</subfield>
    <subfield code="8">2251376620007507</subfield>
  </datafield>
  <datafield tag="HOL" ind1=" " ind2=" ">
    <subfield code="d">2023-07-18 04:24:02</subfield>
    <subfield code="8">2251376620007507</subfield>
    <subfield code="b">2023-07-18 04:24:02</subfield>
    <subfield code="M">49HBZ_BRIDGE_EDK</subfield>
    <subfield code="g">false</subfield>
    <subfield code="a">System</subfield>
    <subfield code="c">System</subfield>
  </datafield>
  <datafield tag="ITM" ind1=" " ind2=" ">
    <subfield code="H">2251376620007507</subfield>
    <subfield code="x">MAG</subfield>
    <subfield code="f">BOOK</subfield>
    <subfield code="v">MAG</subfield>
    <subfield code="p">10</subfield>
    <subfield code="X">System</subfield>
    <subfield code="Y">1991-08-06 02:00:00 Europe/Berlin</subfield>
    <subfield code="n">Eca 5307</subfield>
    <subfield code="M">49HBZ_BRIDGE_EDK</subfield>
    <subfield code="s">1</subfield>
    <subfield code="d">0</subfield>
    <subfield code="V">System</subfield>
    <subfield code="b">ZZ35221-10</subfield>
    <subfield code="a">2351376600007507</subfield>
    <subfield code="c">Eca 5307</subfield>
    <subfield code="B">1969.1284</subfield>
    <subfield code="D">20020622</subfield>
    <subfield code="W">2023-07-18 06:24:02 Europe/Berlin</subfield>
    <subfield code="u">ED001</subfield>
    <subfield code="w">ED001</subfield>
  </datafield>
  <datafield tag="ITM" ind1=" " ind2=" ">
    <subfield code="H">2251376590007507</subfield>
    <subfield code="x">OPDUE</subfield>
    <subfield code="f">BOOK</subfield>
    <subfield code="v">OPDUE</subfield>
    <subfield code="p">48</subfield>
    <subfield code="X">System</subfield>
    <subfield code="Y">2014-02-21 01:00:00 Europe/Berlin</subfield>
    <subfield code="n">P-006-00710</subfield>
    <subfield code="M">49HBZ_BRIDGE_EDK</subfield>
    <subfield code="s">1</subfield>
    <subfield code="d">0</subfield>
    <subfield code="V">System</subfield>
    <subfield code="b">35221-20</subfield>
    <subfield code="a">2351376580007507</subfield>
    <subfield code="c">P-006-00710</subfield>
    <subfield code="D">00000000</subfield>
    <subfield code="q">Bibliothek</subfield>
    <subfield code="W">2023-07-18 06:24:03 Europe/Berlin</subfield>
    <subfield code="u">O9022</subfield>
    <subfield code="w">O9022</subfield>
  </datafield>
  <datafield tag="H52" ind1="8" ind2=" ">
    <subfield code="b">LLB</subfield>
    <subfield code="c">LLB_Magvl</subfield>
    <subfield code="h">03-Gb 424</subfield>
    <subfield code="8">22101485890006480</subfield>
  </datafield>
  <datafield tag="HOL" ind1=" " ind2=" ">
    <subfield code="b">2023-08-14 15:23:07</subfield>
    <subfield code="8">22101485890006480</subfield>
    <subfield code="M">49HBZ_DET</subfield>
    <subfield code="g">false</subfield>
    <subfield code="a">import</subfield>
  </datafield>
  <datafield tag="ITM" ind1=" " ind2=" ">
    <subfield code="H">22101485890006480</subfield>
    <subfield code="x">LLB_Magvl</subfield>
    <subfield code="f">BOOK</subfield>
    <subfield code="v">LLB_Magvl</subfield>
    <subfield code="p">ausleihbar</subfield>
    <subfield code="X">System</subfield>
    <subfield code="U">2023-08-14 12:59:00 Europe/Berlin</subfield>
    <subfield code="Y">2023-08-16 21:02:16 Europe/Berlin</subfield>
    <subfield code="h">false</subfield>
    <subfield code="n">03-Gb 424</subfield>
    <subfield code="G">1</subfield>
    <subfield code="M">49HBZ_DET</subfield>
    <subfield code="s">1</subfield>
    <subfield code="d">8</subfield>
    <subfield code="V">import</subfield>
    <subfield code="L">AnzBeil: 1</subfield>
    <subfield code="b">03715729</subfield>
    <subfield code="O">BuchdatAufn: 2014-01-13 | Sigel: 51 | HBZ01: HT000893437 | Fernleihkonditionen: 0</subfield>
    <subfield code="N">Syst: 12</subfield>
    <subfield code="a">23101485880006480</subfield>
    <subfield code="R">Ausl23: 0 | Ausl22: 0 | Ausl21: 0 | Vorm23: 0</subfield>
    <subfield code="c">03-Gb 424</subfield>
    <subfield code="B">1969-538</subfield>
    <subfield code="W">2023-08-14 17:23:07 Europe/Berlin</subfield>
    <subfield code="u">LLB</subfield>
    <subfield code="w">LLB</subfield>
  </datafield>
  <datafield tag="H52" ind1="0" ind2=" ">
    <subfield code="b">T0006</subfield>
    <subfield code="c">M</subfield>
    <subfield code="h">V 1262:4</subfield>
    <subfield code="8">2227546380007817</subfield>
  </datafield>
  <datafield tag="HOL" ind1=" " ind2=" ">
    <subfield code="d">2023-07-18 04:23:35</subfield>
    <subfield code="8">2227546380007817</subfield>
    <subfield code="b">2023-07-18 04:23:35</subfield>
    <subfield code="M">49HBZ_BRIDGE_PTR</subfield>
    <subfield code="g">false</subfield>
    <subfield code="a">System</subfield>
    <subfield code="c">System</subfield>
  </datafield>
  <datafield tag="ITM" ind1=" " ind2=" ">
    <subfield code="H">2227546380007817</subfield>
    <subfield code="x">M</subfield>
    <subfield code="f">BOOK</subfield>
    <subfield code="v">M</subfield>
    <subfield code="p">11</subfield>
    <subfield code="X">System</subfield>
    <subfield code="Y">1999-11-30 01:00:00 Europe/Berlin</subfield>
    <subfield code="n">V 1262:4</subfield>
    <subfield code="M">49HBZ_BRIDGE_PTR</subfield>
    <subfield code="s">1</subfield>
    <subfield code="d">0</subfield>
    <subfield code="V">System</subfield>
    <subfield code="b">:96003728051</subfield>
    <subfield code="a">2327546360007817</subfield>
    <subfield code="c">V 1262:4</subfield>
    <subfield code="B">1969/1237</subfield>
    <subfield code="D">20000217</subfield>
    <subfield code="W">2023-07-18 06:23:35 Europe/Berlin</subfield>
    <subfield code="u">T0006</subfield>
    <subfield code="w">T0006</subfield>
  </datafield>
  <datafield tag="H52" ind1="0" ind2=" ">
    <subfield code="b">R0003</subfield>
    <subfield code="c">00001000</subfield>
    <subfield code="h">5.4207</subfield>
    <subfield code="8">2284300280007506</subfield>
  </datafield>
  <datafield tag="HOL" ind1=" " ind2=" ">
    <subfield code="d">2023-07-18 04:21:44</subfield>
    <subfield code="8">2284300280007506</subfield>
    <subfield code="b">2023-07-18 04:21:44</subfield>
    <subfield code="M">49HBZ_BRIDGE_LBZ</subfield>
    <subfield code="g">false</subfield>
    <subfield code="a">System</subfield>
    <subfield code="c">System</subfield>
  </datafield>
  <datafield tag="ITM" ind1=" " ind2=" ">
    <subfield code="H">2284300280007506</subfield>
    <subfield code="x">00001000</subfield>
    <subfield code="f">BOOK</subfield>
    <subfield code="v">00001000</subfield>
    <subfield code="p">02</subfield>
    <subfield code="X">System</subfield>
    <subfield code="Y">2023-07-17 02:00:00 Europe/Berlin</subfield>
    <subfield code="n">5.4207</subfield>
    <subfield code="M">49HBZ_BRIDGE_LBZ</subfield>
    <subfield code="s">1</subfield>
    <subfield code="d">0</subfield>
    <subfield code="V">System</subfield>
    <subfield code="b">707452803107</subfield>
    <subfield code="a">2384300260007506</subfield>
    <subfield code="c">5.4207</subfield>
    <subfield code="W">2023-07-18 06:21:44 Europe/Berlin</subfield>
    <subfield code="u">R0003</subfield>
    <subfield code="w">R0003</subfield>
  </datafield>
  <datafield tag="H52" ind1="8" ind2=" ">
    <subfield code="b">T0011</subfield>
    <subfield code="c">31</subfield>
    <subfield code="h">BEA/wa4132</subfield>
    <subfield code="8">22283899690006470</subfield>
  </datafield>
  <datafield tag="HOL" ind1=" " ind2=" ">
    <subfield code="b">2023-08-13 16:42:52</subfield>
    <subfield code="8">22283899690006470</subfield>
    <subfield code="M">49HBZ_UBT</subfield>
    <subfield code="g">false</subfield>
    <subfield code="a">import</subfield>
  </datafield>
  <datafield tag="H52" ind1="8" ind2="1">
    <subfield code="b">T0011</subfield>
    <subfield code="c">UNASSIGNED</subfield>
    <subfield code="8">22283899610006470</subfield>
  </datafield>
  <datafield tag="H80" ind1="1" ind2=" ">
    <subfield code="b">n</subfield>
    <subfield code="8">22283899610006470</subfield>
  </datafield>
  <datafield tag="HOL" ind1=" " ind2=" ">
    <subfield code="b">2023-08-13 16:42:52</subfield>
    <subfield code="8">22283899610006470</subfield>
    <subfield code="M">49HBZ_UBT</subfield>
    <subfield code="g">false</subfield>
    <subfield code="a">import</subfield>
  </datafield>
  <datafield tag="H52" ind1="8" ind2=" ">
    <subfield code="b">T0011</subfield>
    <subfield code="c">80</subfield>
    <subfield code="h">CN/y7015</subfield>
    <subfield code="8">22283899630006470</subfield>
  </datafield>
  <datafield tag="HOL" ind1=" " ind2=" ">
    <subfield code="b">2023-08-13 16:42:52</subfield>
    <subfield code="8">22283899630006470</subfield>
    <subfield code="M">49HBZ_UBT</subfield>
    <subfield code="g">false</subfield>
    <subfield code="a">import</subfield>
  </datafield>
  <datafield tag="ITM" ind1=" " ind2=" ">
    <subfield code="H">22283899690006470</subfield>
    <subfield code="x">31</subfield>
    <subfield code="f">BOOK</subfield>
    <subfield code="v">31</subfield>
    <subfield code="p">20</subfield>
    <subfield code="X">System</subfield>
    <subfield code="U">1999-11-30 11:59:00 Europe/Berlin</subfield>
    <subfield code="Y">2023-08-13 18:44:41 Europe/Berlin</subfield>
    <subfield code="h">false</subfield>
    <subfield code="n">BEA/wa4132</subfield>
    <subfield code="P">50///</subfield>
    <subfield code="M">49HBZ_UBT</subfield>
    <subfield code="s">1</subfield>
    <subfield code="d">8</subfield>
    <subfield code="V">import</subfield>
    <subfield code="b">0176.4077.46</subfield>
    <subfield code="a">23283899660006470</subfield>
    <subfield code="t">8</subfield>
    <subfield code="R">Maintenance count: 008</subfield>
    <subfield code="c">BEA/wa4132</subfield>
    <subfield code="B">71-37376</subfield>
    <subfield code="D">20000217</subfield>
    <subfield code="W">1999-11-30 01:00:00 Europe/Berlin</subfield>
    <subfield code="u">T0011</subfield>
    <subfield code="w">T0011</subfield>
  </datafield>
  <datafield tag="ITM" ind1=" " ind2=" ">
    <subfield code="H">22283899630006470</subfield>
    <subfield code="x">80</subfield>
    <subfield code="f">BOOK</subfield>
    <subfield code="v">80</subfield>
    <subfield code="p">49</subfield>
    <subfield code="X">System</subfield>
    <subfield code="U">1999-11-30 11:59:00 Europe/Berlin</subfield>
    <subfield code="Y">2023-08-13 18:44:41 Europe/Berlin</subfield>
    <subfield code="h">false</subfield>
    <subfield code="n">CN/y7015</subfield>
    <subfield code="M">49HBZ_UBT</subfield>
    <subfield code="s">1</subfield>
    <subfield code="d">8</subfield>
    <subfield code="V">import</subfield>
    <subfield code="b">0150.6604.89</subfield>
    <subfield code="a">23283899620006470</subfield>
    <subfield code="t">8</subfield>
    <subfield code="c">CN/y7015</subfield>
    <subfield code="B">Y 7015</subfield>
    <subfield code="D">20000217</subfield>
    <subfield code="W">1999-11-30 01:00:00 Europe/Berlin</subfield>
    <subfield code="u">T0011</subfield>
    <subfield code="w">T0011</subfield>
  </datafield>
  <datafield tag="H52" ind1="#" ind2=" ">
    <subfield code="b">0</subfield>
    <subfield code="c">0-Mag</subfield>
    <subfield code="h">69/4564</subfield>
    <subfield code="8">22287792670006467</subfield>
  </datafield>
  <datafield tag="HOL" ind1=" " ind2=" ">
    <subfield code="b">2023-07-24 10:30:56</subfield>
    <subfield code="8">22287792670006467</subfield>
    <subfield code="M">49HBZ_ULB</subfield>
    <subfield code="g">false</subfield>
    <subfield code="a">import</subfield>
  </datafield>
  <datafield tag="H52" ind1="#" ind2=" ">
    <subfield code="b">GA</subfield>
    <subfield code="c">GA-Frei</subfield>
    <subfield code="h">Fc 7720</subfield>
    <subfield code="8">22287792630006467</subfield>
  </datafield>
  <datafield tag="HOL" ind1=" " ind2=" ">
    <subfield code="b">2023-07-24 10:30:56</subfield>
    <subfield code="8">22287792630006467</subfield>
    <subfield code="M">49HBZ_ULB</subfield>
    <subfield code="g">false</subfield>
    <subfield code="a">import</subfield>
  </datafield>
  <datafield tag="H52" ind1="#" ind2=" ">
    <subfield code="b">TK</subfield>
    <subfield code="c">TK-Frei</subfield>
    <subfield code="h">BC 8740 S297</subfield>
    <subfield code="8">22287792650006467</subfield>
  </datafield>
  <datafield tag="HOL" ind1=" " ind2=" ">
    <subfield code="b">2023-07-24 10:30:56</subfield>
    <subfield code="8">22287792650006467</subfield>
    <subfield code="M">49HBZ_ULB</subfield>
    <subfield code="g">false</subfield>
    <subfield code="a">import</subfield>
  </datafield>
  <datafield tag="ITM" ind1=" " ind2=" ">
    <subfield code="H">22287792630006467</subfield>
    <subfield code="x">GA-Frei</subfield>
    <subfield code="f">BOOK</subfield>
    <subfield code="v">GA-Frei</subfield>
    <subfield code="X">AMO_TL2_FIX</subfield>
    <subfield code="U">2023-07-23 12:59:00 Europe/Berlin</subfield>
    <subfield code="Y">2023-07-25 08:01:39 Europe/Berlin</subfield>
    <subfield code="h">false</subfield>
    <subfield code="n">Fc 7720</subfield>
    <subfield code="G">1</subfield>
    <subfield code="M">49HBZ_ULB</subfield>
    <subfield code="s">1</subfield>
    <subfield code="d">#</subfield>
    <subfield code="V">import</subfield>
    <subfield code="L">11296/69</subfield>
    <subfield code="b">GA-112635</subfield>
    <subfield code="O">SISIS-Ausleihzähler Migrationsjahr: 0 | SISIS-Ausleihzähler Vor-Migrationsjahr: 0 | SISIS-Ausleihzähler vorletztes Migrationsjahr: 0 | SISIS-Vormerkzähler Migrationsjahr: 0 | SISIS-Buchdaten-Aufnahmedatum: 2012-09-11</subfield>
    <subfield code="N">SISIS-ULBSystematik: 0 | SISIS-Magazindrucker: 0 | SISIS-Fernleihkonditionen: 3 | SISIS-Medientyp: 0 | Sigel: 5/74 | SISIS-Entleihbarkeit: X | SISIS-Zweigstelle: 55</subfield>
    <subfield code="a">23287792620006467</subfield>
    <subfield code="c">Fc 7720</subfield>
    <subfield code="W">2023-07-24 12:30:56 Europe/Berlin</subfield>
    <subfield code="u">GA</subfield>
    <subfield code="w">GA</subfield>
  </datafield>
  <datafield tag="ITM" ind1=" " ind2=" ">
    <subfield code="H">22287792650006467</subfield>
    <subfield code="x">TK-Frei</subfield>
    <subfield code="f">BOOK</subfield>
    <subfield code="v">TK-Frei</subfield>
    <subfield code="X">AMO_TL2_FIX</subfield>
    <subfield code="U">2023-07-23 12:59:00 Europe/Berlin</subfield>
    <subfield code="Y">2023-07-25 08:01:39 Europe/Berlin</subfield>
    <subfield code="h">false</subfield>
    <subfield code="n">BC 8740 S297</subfield>
    <subfield code="G">1</subfield>
    <subfield code="M">49HBZ_ULB</subfield>
    <subfield code="s">1</subfield>
    <subfield code="d">#</subfield>
    <subfield code="V">import</subfield>
    <subfield code="L">69/0761 NT</subfield>
    <subfield code="b">TK-077339</subfield>
    <subfield code="O">SISIS-Ausleihzähler Migrationsjahr: 0 | SISIS-Ausleihzähler Vor-Migrationsjahr: 0 | SISIS-Ausleihzähler vorletztes Migrationsjahr: 0 | SISIS-Vormerkzähler Migrationsjahr: 0 | SISIS-Buchdaten-Aufnahmedatum: 2011-08-05</subfield>
    <subfield code="N">SISIS-ULBSystematik: 0 | SISIS-Magazindrucker: 0 | SISIS-Fernleihkonditionen: 3 | SISIS-Medientyp: 0 | Sigel: 5/108 | SISIS-Entleihbarkeit: X | SISIS-Zweigstelle: 10</subfield>
    <subfield code="a">23287792640006467</subfield>
    <subfield code="c">BC 8740 S297</subfield>
    <subfield code="W">2023-07-24 12:30:56 Europe/Berlin</subfield>
    <subfield code="u">TK</subfield>
    <subfield code="w">TK</subfield>
  </datafield>
  <datafield tag="ITM" ind1=" " ind2=" ">
    <subfield code="H">22287792670006467</subfield>
    <subfield code="x">0-Mag</subfield>
    <subfield code="f">BOOK</subfield>
    <subfield code="v">0-Mag</subfield>
    <subfield code="X">AMO_TL2_FIX</subfield>
    <subfield code="U">2023-07-23 12:59:00 Europe/Berlin</subfield>
    <subfield code="Y">2023-07-25 08:01:39 Europe/Berlin</subfield>
    <subfield code="h">false</subfield>
    <subfield code="n">69/4564</subfield>
    <subfield code="G">1</subfield>
    <subfield code="M">49HBZ_ULB</subfield>
    <subfield code="s">1</subfield>
    <subfield code="d">#</subfield>
    <subfield code="V">import</subfield>
    <subfield code="L">HBInvNr.: re.010219.1364</subfield>
    <subfield code="b">69/4564</subfield>
    <subfield code="O">SISIS-Ausleihzähler Migrationsjahr: 0 | SISIS-Ausleihzähler Vor-Migrationsjahr: 0 | SISIS-Ausleihzähler vorletztes Migrationsjahr: 0 | SISIS-Vormerkzähler Migrationsjahr: 0 | SISIS-vorletztes Rückgabedatum: 2015-03-31</subfield>
    <subfield code="N">SISIS-ULBSystematik: 2502 | SISIS-Magazindrucker: 0 | SISIS-Fernleihkonditionen: 0 | SISIS-Medientyp: 0 | Sigel: 5 | SISIS-Entleihbarkeit: S | SISIS-Zweigstelle: 0</subfield>
    <subfield code="a">23287792660006467</subfield>
    <subfield code="c">69/4564</subfield>
    <subfield code="K">1 Beilagen</subfield>
    <subfield code="W">2023-07-24 12:30:56 Europe/Berlin</subfield>
    <subfield code="u">0</subfield>
    <subfield code="w">0</subfield>
  </datafield>
  <datafield tag="H52" ind1="8" ind2=" ">
    <subfield code="b">UB</subfield>
    <subfield code="c">UB_G2B1</subfield>
    <subfield code="h">RSB821</subfield>
    <subfield code="8">22169547930006471</subfield>
  </datafield>
  <datafield tag="HOL" ind1=" " ind2=" ">
    <subfield code="b">2023-07-30 18:39:54</subfield>
    <subfield code="8">22169547930006471</subfield>
    <subfield code="M">49HBZ_UBO</subfield>
    <subfield code="g">false</subfield>
    <subfield code="a">import</subfield>
  </datafield>
  <datafield tag="H52" ind1="8" ind2=" ">
    <subfield code="b">HIS</subfield>
    <subfield code="c">HIS_BIB</subfield>
    <subfield code="h">Hm 40.11.2/10</subfield>
    <subfield code="8">22169547900006471</subfield>
  </datafield>
  <datafield tag="HOL" ind1=" " ind2=" ">
    <subfield code="b">2023-07-30 18:39:54</subfield>
    <subfield code="8">22169547900006471</subfield>
    <subfield code="M">49HBZ_UBO</subfield>
    <subfield code="g">false</subfield>
    <subfield code="a">import</subfield>
  </datafield>
  <datafield tag="H52" ind1="8" ind2=" ">
    <subfield code="b">EVTH</subfield>
    <subfield code="c">EVTH_BIB</subfield>
    <subfield code="h">JU V Bb 33</subfield>
    <subfield code="8">22169547880006471</subfield>
  </datafield>
  <datafield tag="HOL" ind1=" " ind2=" ">
    <subfield code="b">2023-07-30 18:39:54</subfield>
    <subfield code="8">22169547880006471</subfield>
    <subfield code="M">49HBZ_UBO</subfield>
    <subfield code="g">false</subfield>
    <subfield code="a">import</subfield>
  </datafield>
  <datafield tag="H52" ind1="8" ind2=" ">
    <subfield code="b">KTH</subfield>
    <subfield code="c">KTH_BIB</subfield>
    <subfield code="h">NT 5b 22</subfield>
    <subfield code="8">22169547860006471</subfield>
  </datafield>
  <datafield tag="HOL" ind1=" " ind2=" ">
    <subfield code="b">2023-07-30 18:39:54</subfield>
    <subfield code="8">22169547860006471</subfield>
    <subfield code="M">49HBZ_UBO</subfield>
    <subfield code="g">false</subfield>
    <subfield code="a">import</subfield>
  </datafield>
  <datafield tag="ITM" ind1=" " ind2=" ">
    <subfield code="H">22169547930006471</subfield>
    <subfield code="x">UB_G2B1</subfield>
    <subfield code="f">BOOK</subfield>
    <subfield code="v">UB_G2B1</subfield>
    <subfield code="p">S</subfield>
    <subfield code="X">AMO_TL2_FIX</subfield>
    <subfield code="U">2023-07-30 12:59:00 Europe/Berlin</subfield>
    <subfield code="Y">2023-07-31 18:08:30 Europe/Berlin</subfield>
    <subfield code="h">false</subfield>
    <subfield code="n">RSB821</subfield>
    <subfield code="G">1</subfield>
    <subfield code="M">49HBZ_UBO</subfield>
    <subfield code="s">1</subfield>
    <subfield code="d">8</subfield>
    <subfield code="V">import</subfield>
    <subfield code="L">HBZ01: HT000893437 | Anzahl  Beilagen: 1</subfield>
    <subfield code="b">RSB821</subfield>
    <subfield code="O">SISIS-Vormerkzähler Migrationsjahr: 0 | SISIS-Buchdaten-Aufnahmedatum: 2008-05-22</subfield>
    <subfield code="N">Sigel: 294 | Klassifikation: 2251 | SISIS-Ausleihzähler Migrationsjahr: 0</subfield>
    <subfield code="a">23169547910006471</subfield>
    <subfield code="c">RSB821</subfield>
    <subfield code="W">2023-07-30 20:39:54 Europe/Berlin</subfield>
    <subfield code="u">UB</subfield>
    <subfield code="w">UB</subfield>
  </datafield>
  <datafield tag="ITM" ind1=" " ind2=" ">
    <subfield code="H">22169547900006471</subfield>
    <subfield code="x">HIS_BIB</subfield>
    <subfield code="f">BOOK</subfield>
    <subfield code="v">HIS_BIB</subfield>
    <subfield code="p">X</subfield>
    <subfield code="X">AMO_TL2_FIX</subfield>
    <subfield code="U">2023-07-30 12:59:00 Europe/Berlin</subfield>
    <subfield code="Y">2023-07-31 18:08:30 Europe/Berlin</subfield>
    <subfield code="h">false</subfield>
    <subfield code="n">Hm 40.11.2/10</subfield>
    <subfield code="G">1</subfield>
    <subfield code="M">49HBZ_UBO</subfield>
    <subfield code="s">1</subfield>
    <subfield code="d">8</subfield>
    <subfield code="V">import</subfield>
    <subfield code="L">HBZ01: HT000893437 | Anzahl  Beilagen: 1</subfield>
    <subfield code="b">TEMPHBZ60030859789-000010</subfield>
    <subfield code="O">SISIS-Vormerkzähler Migrationsjahr: 0 | SISIS-Buchdaten-Aufnahmedatum: 2008-05-27 | FussnoteIInt: 69/2306;69/2306</subfield>
    <subfield code="N">Sigel: 294/11 | Klassifikation: 0 | SISIS-Ausleihzähler Migrationsjahr: 0</subfield>
    <subfield code="a">23169547890006471</subfield>
    <subfield code="c">Hm 40.11.2/10</subfield>
    <subfield code="W">2023-07-30 20:39:54 Europe/Berlin</subfield>
    <subfield code="u">HIS</subfield>
    <subfield code="w">HIS</subfield>
  </datafield>
  <datafield tag="ITM" ind1=" " ind2=" ">
    <subfield code="H">22169547880006471</subfield>
    <subfield code="x">EVTH_BIB</subfield>
    <subfield code="f">BOOK</subfield>
    <subfield code="v">EVTH_BIB</subfield>
    <subfield code="p">X</subfield>
    <subfield code="X">AMO_TL2_FIX</subfield>
    <subfield code="U">2023-07-30 12:59:00 Europe/Berlin</subfield>
    <subfield code="Y">2023-07-31 18:08:30 Europe/Berlin</subfield>
    <subfield code="h">false</subfield>
    <subfield code="n">JU V Bb 33</subfield>
    <subfield code="G">1</subfield>
    <subfield code="M">49HBZ_UBO</subfield>
    <subfield code="s">1</subfield>
    <subfield code="d">8</subfield>
    <subfield code="V">import</subfield>
    <subfield code="L">2.Sig/InvNr: 69/1632 | HBZ01: HT000893437 | Anzahl  Beilagen: 1</subfield>
    <subfield code="b">TEMPHBZ60035269470-000010</subfield>
    <subfield code="O">SISIS-Vormerkzähler Migrationsjahr: 0 | SISIS-Buchdaten-Aufnahmedatum: 2008-05-27</subfield>
    <subfield code="N">Sigel: 294/21 | Klassifikation: 0 | SISIS-Ausleihzähler Migrationsjahr: 0</subfield>
    <subfield code="a">23169547870006471</subfield>
    <subfield code="c">JU V Bb 33</subfield>
    <subfield code="W">2023-07-30 20:39:54 Europe/Berlin</subfield>
    <subfield code="u">EVTH</subfield>
    <subfield code="w">EVTH</subfield>
  </datafield>
  <datafield tag="ITM" ind1=" " ind2=" ">
    <subfield code="H">22169547860006471</subfield>
    <subfield code="x">KTH_BIB</subfield>
    <subfield code="f">BOOK</subfield>
    <subfield code="v">KTH_BIB</subfield>
    <subfield code="p">X</subfield>
    <subfield code="X">AMO_TL2_FIX</subfield>
    <subfield code="U">2023-07-30 12:59:00 Europe/Berlin</subfield>
    <subfield code="Y">2023-07-31 18:08:30 Europe/Berlin</subfield>
    <subfield code="h">false</subfield>
    <subfield code="n">NT 5b 22</subfield>
    <subfield code="G">1</subfield>
    <subfield code="M">49HBZ_UBO</subfield>
    <subfield code="s">1</subfield>
    <subfield code="d">8</subfield>
    <subfield code="V">import</subfield>
    <subfield code="L">2.Sig/InvNr: NT 69/223 | HBZ01: HT000893437 | Anzahl  Beilagen: 1</subfield>
    <subfield code="b">TEMP70838</subfield>
    <subfield code="O">SISIS-Vormerkzähler Migrationsjahr: 0 | SISIS-Buchdaten-Aufnahmedatum: 2009-11-24</subfield>
    <subfield code="N">Sigel: 294/38 | Klassifikation: 0 | SISIS-Ausleihzähler Migrationsjahr: 0</subfield>
    <subfield code="a">23169547850006471</subfield>
    <subfield code="c">NT 5b 22</subfield>
    <subfield code="W">2023-07-30 20:39:54 Europe/Berlin</subfield>
    <subfield code="u">KTH</subfield>
    <subfield code="w">KTH</subfield>
  </datafield>
  <datafield tag="H52" ind1="8" ind2=" ">
    <subfield code="b">E0001</subfield>
    <subfield code="c">E11</subfield>
    <subfield code="h">LBB1092</subfield>
    <subfield code="8">22378107650006446</subfield>
  </datafield>
  <datafield tag="HOL" ind1=" " ind2=" ">
    <subfield code="b">2021-04-15 16:28:06</subfield>
    <subfield code="8">22378107650006446</subfield>
    <subfield code="M">49HBZ_UDE</subfield>
    <subfield code="g">false</subfield>
    <subfield code="a">import</subfield>
  </datafield>
  <datafield tag="ITM" ind1=" " ind2=" ">
    <subfield code="H">22378107650006446</subfield>
    <subfield code="x">E11</subfield>
    <subfield code="f">BOOK</subfield>
    <subfield code="v">E11</subfield>
    <subfield code="X">System</subfield>
    <subfield code="U">1984-08-31 12:59:00 Europe/Berlin</subfield>
    <subfield code="Y">2023-01-25 08:53:08 Europe/Berlin</subfield>
    <subfield code="h">false</subfield>
    <subfield code="n">LBB1092</subfield>
    <subfield code="M">49HBZ_UDE</subfield>
    <subfield code="s">1</subfield>
    <subfield code="d">8</subfield>
    <subfield code="V">import</subfield>
    <subfield code="b">LBB1092</subfield>
    <subfield code="a">23378107640006446</subfield>
    <subfield code="t">8</subfield>
    <subfield code="c">LBB1092</subfield>
    <subfield code="B">77/16982</subfield>
    <subfield code="D">20000217</subfield>
    <subfield code="W">1984-08-31 02:00:00 Europe/Berlin</subfield>
    <subfield code="u">E0001</subfield>
    <subfield code="w">E0001</subfield>
  </datafield>
  <datafield tag="H52" ind1="8" ind2=" ">
    <subfield code="b">X0001</subfield>
    <subfield code="c">00</subfield>
    <subfield code="h">JUEDG432:4</subfield>
    <subfield code="8">22316394080006443</subfield>
  </datafield>
  <datafield tag="HOL" ind1=" " ind2=" ">
    <subfield code="b">2021-04-01 13:04:42</subfield>
    <subfield code="8">22316394080006443</subfield>
    <subfield code="M">49HBZ_DUE</subfield>
    <subfield code="g">false</subfield>
    <subfield code="a">import</subfield>
  </datafield>
  <datafield tag="H52" ind1="8" ind2=" ">
    <subfield code="b">X0025</subfield>
    <subfield code="c">25</subfield>
    <subfield code="h">jstc880.s168</subfield>
    <subfield code="8">22316394040006443</subfield>
  </datafield>
  <datafield tag="HOL" ind1=" " ind2=" ">
    <subfield code="d">2022-09-12 15:06:20</subfield>
    <subfield code="8">22316394040006443</subfield>
    <subfield code="b">2021-04-01 13:04:42</subfield>
    <subfield code="M">49HBZ_DUE</subfield>
    <subfield code="g">false</subfield>
    <subfield code="a">import</subfield>
    <subfield code="c">System</subfield>
  </datafield>
  <datafield tag="H52" ind1="8" ind2=" ">
    <subfield code="b">X0001</subfield>
    <subfield code="c">00</subfield>
    <subfield code="h">jst/a0045</subfield>
    <subfield code="8">22316394060006443</subfield>
  </datafield>
  <datafield tag="HOL" ind1=" " ind2=" ">
    <subfield code="b">2021-04-01 13:04:42</subfield>
    <subfield code="8">22316394060006443</subfield>
    <subfield code="M">49HBZ_DUE</subfield>
    <subfield code="g">false</subfield>
    <subfield code="a">import</subfield>
  </datafield>
  <datafield tag="ITM" ind1=" " ind2=" ">
    <subfield code="H">22316394080006443</subfield>
    <subfield code="x">00</subfield>
    <subfield code="f">BOOK</subfield>
    <subfield code="v">00</subfield>
    <subfield code="p">11</subfield>
    <subfield code="X">System</subfield>
    <subfield code="U">2000-08-17 12:59:00 Europe/Berlin</subfield>
    <subfield code="Y">2021-04-01 15:06:00 Europe/Berlin</subfield>
    <subfield code="h">false</subfield>
    <subfield code="M">49HBZ_DUE</subfield>
    <subfield code="s">1</subfield>
    <subfield code="d">8</subfield>
    <subfield code="V">import</subfield>
    <subfield code="b">402856101</subfield>
    <subfield code="a">23316394070006443</subfield>
    <subfield code="R">Maintenance count: 001</subfield>
    <subfield code="c">JUEDG432:4</subfield>
    <subfield code="W">2000-08-17 02:00:00 Europe/Berlin</subfield>
    <subfield code="u">X0001</subfield>
    <subfield code="w">X0001</subfield>
  </datafield>
  <datafield tag="ITM" ind1=" " ind2=" ">
    <subfield code="H">22316394040006443</subfield>
    <subfield code="x">25</subfield>
    <subfield code="f">BOOK</subfield>
    <subfield code="v">25</subfield>
    <subfield code="p">10</subfield>
    <subfield code="X">System</subfield>
    <subfield code="U">2004-01-13 11:59:00 Europe/Berlin</subfield>
    <subfield code="Y">2021-04-01 15:06:00 Europe/Berlin</subfield>
    <subfield code="h">false</subfield>
    <subfield code="M">49HBZ_DUE</subfield>
    <subfield code="s">1</subfield>
    <subfield code="d">8</subfield>
    <subfield code="V">import</subfield>
    <subfield code="b">402856102</subfield>
    <subfield code="a">23316394030006443</subfield>
    <subfield code="R">Maintenance count: 030</subfield>
    <subfield code="c">jstc880.s168</subfield>
    <subfield code="B">Unverl_Zugang613</subfield>
    <subfield code="D">20040113</subfield>
    <subfield code="W">2004-01-13 01:00:00 Europe/Berlin</subfield>
    <subfield code="u">X0025</subfield>
    <subfield code="w">X0025</subfield>
  </datafield>
  <datafield tag="ITM" ind1=" " ind2=" ">
    <subfield code="H">22316394060006443</subfield>
    <subfield code="x">00</subfield>
    <subfield code="f">BOOK</subfield>
    <subfield code="v">00</subfield>
    <subfield code="p">11</subfield>
    <subfield code="X">System</subfield>
    <subfield code="U">2004-01-13 11:59:00 Europe/Berlin</subfield>
    <subfield code="Y">2021-04-01 15:06:00 Europe/Berlin</subfield>
    <subfield code="h">false</subfield>
    <subfield code="M">49HBZ_DUE</subfield>
    <subfield code="s">1</subfield>
    <subfield code="d">8</subfield>
    <subfield code="V">import</subfield>
    <subfield code="b">402856103</subfield>
    <subfield code="a">23316394050006443</subfield>
    <subfield code="R">Maintenance count: 001</subfield>
    <subfield code="c">jst/a0045</subfield>
    <subfield code="W">2004-01-13 01:00:00 Europe/Berlin</subfield>
    <subfield code="u">X0001</subfield>
    <subfield code="w">X0001</subfield>
  </datafield>
  <datafield tag="H52" ind1=" " ind2=" ">
    <subfield code="b">38</subfield>
    <subfield code="c">38-MAG</subfield>
    <subfield code="8">22301320250006476</subfield>
  </datafield>
  <datafield tag="HOL" ind1=" " ind2=" ">
    <subfield code="b">2023-08-22 15:41:53</subfield>
    <subfield code="8">22301320250006476</subfield>
    <subfield code="M">49HBZ_UBK</subfield>
    <subfield code="g">false</subfield>
    <subfield code="a">import</subfield>
  </datafield>
  <datafield tag="H52" ind1=" " ind2=" ">
    <subfield code="b">38-622</subfield>
    <subfield code="c">38-622-BIB</subfield>
    <subfield code="8">22301320230006476</subfield>
  </datafield>
  <datafield tag="HOL" ind1=" " ind2=" ">
    <subfield code="b">2023-08-22 15:41:53</subfield>
    <subfield code="8">22301320230006476</subfield>
    <subfield code="M">49HBZ_UBK</subfield>
    <subfield code="g">false</subfield>
    <subfield code="a">import</subfield>
  </datafield>
  <datafield tag="ITM" ind1=" " ind2=" ">
    <subfield code="H">22301320250006476</subfield>
    <subfield code="x">38-MAG</subfield>
    <subfield code="f">BOOK</subfield>
    <subfield code="v">38-MAG</subfield>
    <subfield code="p">A</subfield>
    <subfield code="X">AMO_HBZ_FIX</subfield>
    <subfield code="U">2023-08-21 12:59:00 Europe/Berlin</subfield>
    <subfield code="Y">2023-08-24 04:52:25 Europe/Berlin</subfield>
    <subfield code="h">false</subfield>
    <subfield code="n">1B4842</subfield>
    <subfield code="G">1</subfield>
    <subfield code="M">49HBZ_UBK</subfield>
    <subfield code="s">1</subfield>
    <subfield code="d">#</subfield>
    <subfield code="V">import</subfield>
    <subfield code="b">1B4842</subfield>
    <subfield code="O">HBZ01: HT000893437 | Klassifikation: 0</subfield>
    <subfield code="a">23301320240006476</subfield>
    <subfield code="K">1 Beilagen</subfield>
    <subfield code="W">2023-08-22 17:41:53 Europe/Berlin</subfield>
    <subfield code="u">38</subfield>
    <subfield code="w">38</subfield>
  </datafield>
  <datafield tag="ITM" ind1=" " ind2=" ">
    <subfield code="H">22301320230006476</subfield>
    <subfield code="x">38-622-BIB</subfield>
    <subfield code="f">BOOK</subfield>
    <subfield code="v">38-622-BIB</subfield>
    <subfield code="p">X</subfield>
    <subfield code="X">AMO_HBZ_FIX</subfield>
    <subfield code="U">2023-08-21 12:59:00 Europe/Berlin</subfield>
    <subfield code="Y">2023-08-24 04:52:25 Europe/Berlin</subfield>
    <subfield code="h">false</subfield>
    <subfield code="J">Standort: Biblische Theologie</subfield>
    <subfield code="n">622/C24e/1</subfield>
    <subfield code="G">1</subfield>
    <subfield code="M">49HBZ_UBK</subfield>
    <subfield code="s">1</subfield>
    <subfield code="d">#</subfield>
    <subfield code="V">import</subfield>
    <subfield code="L">Inv.-Nr.: 3256</subfield>
    <subfield code="b">TEMP3414</subfield>
    <subfield code="O">HBZ01: HT000893437 | Aufnahmedatum: 2016-01-27 | Klassifikation: 0</subfield>
    <subfield code="a">23301320220006476</subfield>
    <subfield code="W">2023-08-22 17:41:53 Europe/Berlin</subfield>
    <subfield code="u">38-622</subfield>
    <subfield code="w">38-622</subfield>
  </datafield>
  <datafield tag="H52" ind1="8" ind2=" ">
    <subfield code="b">KATJ</subfield>
    <subfield code="c">KATJ_BIB</subfield>
    <subfield code="h">HS:C-25,4</subfield>
    <subfield code="8">22602951580006449</subfield>
  </datafield>
  <datafield tag="HOL" ind1=" " ind2=" ">
    <subfield code="b">2022-07-11 13:14:04</subfield>
    <subfield code="8">22602951580006449</subfield>
    <subfield code="M">49HBZ_ULM</subfield>
    <subfield code="g">false</subfield>
    <subfield code="a">import</subfield>
  </datafield>
  <datafield tag="H52" ind1="8" ind2=" ">
    <subfield code="b">IJD</subfield>
    <subfield code="c">IJD_BIB</subfield>
    <subfield code="h">Oa 47 S 297</subfield>
    <subfield code="8">22602951500006449</subfield>
  </datafield>
  <datafield tag="HOL" ind1=" " ind2=" ">
    <subfield code="b">2022-07-11 13:14:04</subfield>
    <subfield code="8">22602951500006449</subfield>
    <subfield code="M">49HBZ_ULM</subfield>
    <subfield code="g">false</subfield>
    <subfield code="a">import</subfield>
  </datafield>
  <datafield tag="H52" ind1="8" ind2=" ">
    <subfield code="b">ZB</subfield>
    <subfield code="c">ZB_FHM2</subfield>
    <subfield code="h">3G 18788</subfield>
    <subfield code="8">22602951650006449</subfield>
  </datafield>
  <datafield tag="HOL" ind1=" " ind2=" ">
    <subfield code="b">2022-07-11 13:14:04</subfield>
    <subfield code="8">22602951650006449</subfield>
    <subfield code="M">49HBZ_ULM</subfield>
    <subfield code="g">false</subfield>
    <subfield code="a">import</subfield>
  </datafield>
  <datafield tag="H52" ind1="8" ind2=" ">
    <subfield code="b">EVT</subfield>
    <subfield code="c">EVT_BIB</subfield>
    <subfield code="h">NT Gab 969</subfield>
    <subfield code="8">22602951540006449</subfield>
  </datafield>
  <datafield tag="HOL" ind1=" " ind2=" ">
    <subfield code="b">2022-07-11 13:14:04</subfield>
    <subfield code="8">22602951540006449</subfield>
    <subfield code="M">49HBZ_ULM</subfield>
    <subfield code="g">false</subfield>
    <subfield code="a">import</subfield>
  </datafield>
  <datafield tag="H52" ind1="8" ind2=" ">
    <subfield code="b">FBH</subfield>
    <subfield code="c">FBH_KPBIB</subfield>
    <subfield code="h">Hist 6,68/10</subfield>
    <subfield code="8">22602951620006449</subfield>
  </datafield>
  <datafield tag="HOL" ind1=" " ind2=" ">
    <subfield code="b">2022-07-11 13:14:04</subfield>
    <subfield code="8">22602951620006449</subfield>
    <subfield code="M">49HBZ_ULM</subfield>
    <subfield code="g">false</subfield>
    <subfield code="a">import</subfield>
  </datafield>
  <datafield tag="ITM" ind1=" " ind2=" ">
    <subfield code="H">22602951500006449</subfield>
    <subfield code="x">IJD_BIB</subfield>
    <subfield code="f">BOOK</subfield>
    <subfield code="v">IJD_BIB</subfield>
    <subfield code="X">AMO_TL2_FIX</subfield>
    <subfield code="U">2022-07-10 12:59:00 Europe/Berlin</subfield>
    <subfield code="Y">2022-07-12 13:10:54 Europe/Berlin</subfield>
    <subfield code="h">false</subfield>
    <subfield code="Q">SISIS-Ausleihzähler Migrationsjahr: 0 | SISIS-Ausleihzähler Vor-Migrationsjahr: 0 | SISIS-Ausleihzähler vorletztes Migrationsjahr: 0</subfield>
    <subfield code="M">49HBZ_ULM</subfield>
    <subfield code="s">1</subfield>
    <subfield code="d">8</subfield>
    <subfield code="V">import</subfield>
    <subfield code="L">nS</subfield>
    <subfield code="b">Z140-016417</subfield>
    <subfield code="O">Fernleihkonditionen: 3</subfield>
    <subfield code="a">23602951480006449</subfield>
    <subfield code="R">DBS-Systematik: 0</subfield>
    <subfield code="c">Oa 47 S 297</subfield>
    <subfield code="W">2022-07-11 15:14:04 Europe/Berlin</subfield>
    <subfield code="u">IJD</subfield>
    <subfield code="w">IJD</subfield>
  </datafield>
  <datafield tag="ITM" ind1=" " ind2=" ">
    <subfield code="H">22602951650006449</subfield>
    <subfield code="x">ZB_FHM2</subfield>
    <subfield code="f">BOOK</subfield>
    <subfield code="v">ZB_FHM2</subfield>
    <subfield code="X">AMO_TL2_FIX</subfield>
    <subfield code="U">2022-07-10 12:59:00 Europe/Berlin</subfield>
    <subfield code="Y">2022-07-12 13:10:54 Europe/Berlin</subfield>
    <subfield code="h">false</subfield>
    <subfield code="Q">SISIS-Ausleihzähler Migrationsjahr: 0 | SISIS-Ausleihzähler Vor-Migrationsjahr: 0 | SISIS-Ausleihzähler vorletztes Migrationsjahr: 0</subfield>
    <subfield code="M">49HBZ_ULM</subfield>
    <subfield code="s">1</subfield>
    <subfield code="d">8</subfield>
    <subfield code="V">import</subfield>
    <subfield code="b">3G 18788</subfield>
    <subfield code="O">Fernleihkonditionen: 0</subfield>
    <subfield code="a">23602951640006449</subfield>
    <subfield code="R">DBS-Systematik: 0</subfield>
    <subfield code="c">3G 18788</subfield>
    <subfield code="W">2022-07-11 15:14:04 Europe/Berlin</subfield>
    <subfield code="u">ZB</subfield>
    <subfield code="w">ZB</subfield>
  </datafield>
  <datafield tag="ITM" ind1=" " ind2=" ">
    <subfield code="H">22602951540006449</subfield>
    <subfield code="x">EVT_BIB</subfield>
    <subfield code="f">BOOK</subfield>
    <subfield code="v">EVT_BIB</subfield>
    <subfield code="X">AMO_TL2_FIX</subfield>
    <subfield code="U">2022-07-10 12:59:00 Europe/Berlin</subfield>
    <subfield code="Y">2022-07-12 13:10:54 Europe/Berlin</subfield>
    <subfield code="h">false</subfield>
    <subfield code="Q">SISIS-Ausleihzähler Migrationsjahr: 0 | SISIS-Ausleihzähler Vor-Migrationsjahr: 0 | SISIS-Ausleihzähler vorletztes Migrationsjahr: 0</subfield>
    <subfield code="M">49HBZ_ULM</subfield>
    <subfield code="s">1</subfield>
    <subfield code="d">8</subfield>
    <subfield code="V">import</subfield>
    <subfield code="b">Z33-001736</subfield>
    <subfield code="O">Fernleihkonditionen: 3</subfield>
    <subfield code="a">23602951510006449</subfield>
    <subfield code="R">DBS-Systematik: 0</subfield>
    <subfield code="c">NT Gab 969</subfield>
    <subfield code="W">2022-07-11 15:14:04 Europe/Berlin</subfield>
    <subfield code="u">EVT</subfield>
    <subfield code="w">EVT</subfield>
  </datafield>
  <datafield tag="ITM" ind1=" " ind2=" ">
    <subfield code="H">22602951580006449</subfield>
    <subfield code="x">KATJ_BIB</subfield>
    <subfield code="f">BOOK</subfield>
    <subfield code="v">KATJ_BIB</subfield>
    <subfield code="X">AMO_TL2_FIX</subfield>
    <subfield code="U">2022-07-10 12:59:00 Europe/Berlin</subfield>
    <subfield code="Y">2022-07-12 13:10:54 Europe/Berlin</subfield>
    <subfield code="h">false</subfield>
    <subfield code="Q">SISIS-Ausleihzähler Migrationsjahr: 0 | SISIS-Ausleihzähler Vor-Migrationsjahr: 0 | SISIS-Ausleihzähler vorletztes Migrationsjahr: 0</subfield>
    <subfield code="M">49HBZ_ULM</subfield>
    <subfield code="s">1</subfield>
    <subfield code="d">8</subfield>
    <subfield code="V">import</subfield>
    <subfield code="b">Z30-002690</subfield>
    <subfield code="O">Fernleihkonditionen: 3</subfield>
    <subfield code="a">23602951550006449</subfield>
    <subfield code="R">DBS-Systematik: 0</subfield>
    <subfield code="c">HS:C-25,4</subfield>
    <subfield code="W">2022-07-11 15:14:04 Europe/Berlin</subfield>
    <subfield code="u">KATJ</subfield>
    <subfield code="w">KATJ</subfield>
  </datafield>
  <datafield tag="ITM" ind1=" " ind2=" ">
    <subfield code="H">22602951620006449</subfield>
    <subfield code="x">FBH_KPBIB</subfield>
    <subfield code="f">BOOK</subfield>
    <subfield code="v">FBH_KPBIB</subfield>
    <subfield code="X">AMO_TL2_FIX</subfield>
    <subfield code="U">2022-07-10 12:59:00 Europe/Berlin</subfield>
    <subfield code="Y">2022-07-12 13:10:54 Europe/Berlin</subfield>
    <subfield code="h">false</subfield>
    <subfield code="Q">SISIS-Ausleihzähler Migrationsjahr: 0 | SISIS-Ausleihzähler Vor-Migrationsjahr: 0 | SISIS-Ausleihzähler vorletztes Migrationsjahr: 0</subfield>
    <subfield code="M">49HBZ_ULM</subfield>
    <subfield code="s">1</subfield>
    <subfield code="d">8</subfield>
    <subfield code="V">import</subfield>
    <subfield code="b">Z15-000825</subfield>
    <subfield code="O">Fernleihkonditionen: 3</subfield>
    <subfield code="a">23602951590006449</subfield>
    <subfield code="R">DBS-Systematik: 0</subfield>
    <subfield code="c">Hist 6,68/10</subfield>
    <subfield code="W">2022-07-11 15:14:04 Europe/Berlin</subfield>
    <subfield code="u">FBH</subfield>
    <subfield code="w">FBH</subfield>
  </datafield>
  <datafield tag="H52" ind1="8" ind2=" ">
    <subfield code="b">S0001</subfield>
    <subfield code="c">H5</subfield>
    <subfield code="8">2294453400006462</subfield>
  </datafield>
  <datafield tag="HOL" ind1=" " ind2=" ">
    <subfield code="b">2022-07-11 09:32:10</subfield>
    <subfield code="8">2294453400006462</subfield>
    <subfield code="M">49HBZ_SIE</subfield>
    <subfield code="g">false</subfield>
    <subfield code="a">import</subfield>
  </datafield>
  <datafield tag="ITM" ind1=" " ind2=" ">
    <subfield code="H">2294453400006462</subfield>
    <subfield code="x">H5</subfield>
    <subfield code="f">BOOK</subfield>
    <subfield code="v">H5</subfield>
    <subfield code="p">10</subfield>
    <subfield code="X">System</subfield>
    <subfield code="U">1984-08-31 12:59:00 Europe/Berlin</subfield>
    <subfield code="Y">2022-07-11 11:33:07 Europe/Berlin</subfield>
    <subfield code="h">false</subfield>
    <subfield code="n">21INR1017</subfield>
    <subfield code="M">49HBZ_SIE</subfield>
    <subfield code="s">1</subfield>
    <subfield code="d">8</subfield>
    <subfield code="V">import</subfield>
    <subfield code="b">21INR1017</subfield>
    <subfield code="a">2394453370006462</subfield>
    <subfield code="t">8</subfield>
    <subfield code="R">Maintenance count: 013</subfield>
    <subfield code="B">74/18390</subfield>
    <subfield code="D">20000217</subfield>
    <subfield code="W">1984-08-31 02:00:00 Europe/Berlin</subfield>
    <subfield code="u">S0001</subfield>
    <subfield code="w">S0001</subfield>
  </datafield>
  <datafield tag="H52" ind1="8" ind2=" ">
    <subfield code="b">P0001</subfield>
    <subfield code="c">11</subfield>
    <subfield code="8">22136243430006463</subfield>
  </datafield>
  <datafield tag="HOL" ind1=" " ind2=" ">
    <subfield code="b">2022-07-14 09:48:01</subfield>
    <subfield code="8">22136243430006463</subfield>
    <subfield code="M">49HBZ_PAD</subfield>
    <subfield code="g">false</subfield>
    <subfield code="a">import</subfield>
  </datafield>
  <datafield tag="ITM" ind1=" " ind2=" ">
    <subfield code="H">22136243430006463</subfield>
    <subfield code="x">11</subfield>
    <subfield code="f">BOOK</subfield>
    <subfield code="v">11</subfield>
    <subfield code="p">20</subfield>
    <subfield code="X">System</subfield>
    <subfield code="U">1984-08-31 12:59:00 Europe/Berlin</subfield>
    <subfield code="Y">2022-07-14 11:49:10 Europe/Berlin</subfield>
    <subfield code="h">false</subfield>
    <subfield code="n">INR1067</subfield>
    <subfield code="M">49HBZ_PAD</subfield>
    <subfield code="s">1</subfield>
    <subfield code="d">8</subfield>
    <subfield code="V">import</subfield>
    <subfield code="b">INR1067</subfield>
    <subfield code="a">23136243400006463</subfield>
    <subfield code="t">8</subfield>
    <subfield code="R">Maintenance count: 003</subfield>
    <subfield code="B">79/28003</subfield>
    <subfield code="D">20000217</subfield>
    <subfield code="W">1984-08-31 02:00:00 Europe/Berlin</subfield>
    <subfield code="u">P0001</subfield>
    <subfield code="w">P0001</subfield>
  </datafield>
  <datafield tag="GPN" ind1="0" ind2=" ">
    <subfield code="a">Herodes Antipatros</subfield>
    <subfield code="d">v20-39</subfield>
    <subfield code="A">GND</subfield>
    <subfield code="B">GND-118703781</subfield>
    <subfield code="C">400</subfield>
  </datafield>
  <datafield tag="GPN" ind1="0" ind2=" ">
    <subfield code="a">Herodes</subfield>
    <subfield code="c">Antipas</subfield>
    <subfield code="d">v20-39</subfield>
    <subfield code="A">GND</subfield>
    <subfield code="B">GND-118703781</subfield>
    <subfield code="C">400</subfield>
  </datafield>
  <datafield tag="GSI" ind1="7" ind2=" ">
    <subfield code="a">118703781</subfield>
    <subfield code="0">http://d-nb.info/gnd/118703781</subfield>
    <subfield code="2">gnd</subfield>
    <subfield code="A">GND</subfield>
    <subfield code="B">GND-118703781</subfield>
    <subfield code="C">024</subfield>
  </datafield>
  <datafield tag="GPN" ind1="1" ind2=" ">
    <subfield code="a">Šallîṭ, Avrāhām</subfield>
    <subfield code="d">1898-1979</subfield>
    <subfield code="9">v:DIN Stand 1982</subfield>
    <subfield code="A">GND</subfield>
    <subfield code="B">GND-143395580</subfield>
    <subfield code="C">400</subfield>
  </datafield>
  <datafield tag="GPN" ind1="1" ind2=" ">
    <subfield code="a">Schalit, A.</subfield>
    <subfield code="d">1898-1979</subfield>
    <subfield code="A">GND</subfield>
    <subfield code="B">GND-143395580</subfield>
    <subfield code="C">400</subfield>
  </datafield>
  <datafield tag="GPN" ind1="1" ind2=" ">
    <subfield code="a">ŠLYṬ, ʾ.</subfield>
    <subfield code="d">1898-1979</subfield>
    <subfield code="A">GND</subfield>
    <subfield code="B">GND-143395580</subfield>
    <subfield code="C">400</subfield>
  </datafield>
  <datafield tag="GPN" ind1="1" ind2=" ">
    <subfield code="a">Schalit, Abraham</subfield>
    <subfield code="d">1898-1979</subfield>
    <subfield code="A">GND</subfield>
    <subfield code="B">GND-143395580</subfield>
    <subfield code="C">400</subfield>
  </datafield>
  <datafield tag="GPN" ind1="1" ind2=" ">
    <subfield code="a">Shalit, Abraham</subfield>
    <subfield code="d">1898-1979</subfield>
    <subfield code="A">GND</subfield>
    <subfield code="B">GND-143395580</subfield>
    <subfield code="C">400</subfield>
  </datafield>
  <datafield tag="GPN" ind1="1" ind2=" ">
    <subfield code="a">Shalit, Avraham</subfield>
    <subfield code="d">1898-1979</subfield>
    <subfield code="A">GND</subfield>
    <subfield code="B">GND-143395580</subfield>
    <subfield code="C">400</subfield>
  </datafield>
  <datafield tag="GPN" ind1="1" ind2=" ">
    <subfield code="a">Shalit, Abvraham</subfield>
    <subfield code="d">1898-1979</subfield>
    <subfield code="A">GND</subfield>
    <subfield code="B">GND-143395580</subfield>
    <subfield code="C">400</subfield>
  </datafield>
  <datafield tag="GPN" ind1="1" ind2=" ">
    <subfield code="a">Šalit, Avraham</subfield>
    <subfield code="d">1898-1979</subfield>
    <subfield code="A">GND</subfield>
    <subfield code="B">GND-143395580</subfield>
    <subfield code="C">400</subfield>
  </datafield>
  <datafield tag="GSI" ind1="7" ind2=" ">
    <subfield code="a">http://d-nb.info/gnd/143395580</subfield>
    <subfield code="2">uri</subfield>
    <subfield code="A">GND</subfield>
    <subfield code="B">GND-143395580</subfield>
    <subfield code="C">024</subfield>
  </datafield>
</record>
